@book{velleman,
    author = {Daniel J. Velleman},
    year = {2006},
    title = {How to Prove It: A Structured Approach},
    publisher = {Cambridge University Press},
    address = {New York}
}
@book{Rowling,
    author = {J. K. Rowling},
    year = {1999},
    title = {Harry Potter and the Sorcerer's Stone},
    publisher = {Scholastic, Inc.},
}
@book{cormen,
    title={Introduction to algorithms},
    author={Cormen, Thomas H and Leiserson, Charles E and Rivest, Ronald L and Stein, Clifford},
    year={2009},
    publisher={MIT press}
}

